<collection xmlns="http://www.loc.gov/MARC21/slim"><record><leader>00656nam  2200217   450</leader><controlfield tag="001">140</controlfield><controlfield tag="003">http://montalegre.opacnet.com/OPAC/default.aspx?ContentAreaControl=ShowRegHoldings.ascx&amp;RegNo=16662</controlfield><controlfield tag="005">20</controlfield><datafield tag="095" ind1=" " ind2=" "><subfield code="a">PTBN00149113</subfield></datafield><datafield tag="100" ind1=" " ind2=" "><subfield code="a">19640201d1963    m  y0pora010305  ba</subfield></datafield><datafield tag="101" ind1="1" ind2=" "><subfield code="a">por</subfield><subfield code="c">eng</subfield></datafield><datafield tag="102" ind1=" " ind2=" "><subfield code="a">PT</subfield></datafield><datafield tag="200" ind1="1" ind2=" "><subfield code="a">&lt;A &gt;promessa</subfield><subfield code="f">Pearl Sydenstricker Buck</subfield><subfield code="g">trad. de José António Machado</subfield></datafield><datafield tag="205" ind1=" " ind2=" "><subfield code="a">2ª ed</subfield></datafield><datafield tag="210" ind1=" " ind2=" "><subfield code="a">Lisboa</subfield><subfield code="c">Minerva</subfield><subfield code="d">1963</subfield></datafield><datafield tag="215" ind1=" " ind2=" "><subfield code="a">310, [1] p.</subfield><subfield code="d">19 cm</subfield></datafield><datafield tag="225" ind1="2" ind2=" "><subfield code="a">Minerva</subfield></datafield><datafield tag="675" ind1=" " ind2=" "><subfield code="a">821</subfield><subfield code="v">BN</subfield><subfield code="z">por</subfield></datafield><datafield tag="700" ind1=" " ind2="1"><subfield code="a">Buck</subfield><subfield code="b">Pearl S</subfield><subfield code="f">1892-1973</subfield></datafield><datafield tag="702" ind1=" " ind2="1"><subfield code="a">Machado</subfield><subfield code="b">Antonio</subfield><subfield code="f">1875-1939</subfield><subfield code="4">730</subfield></datafield><datafield tag="801" ind1=" " ind2="0"><subfield code="a">PT</subfield><subfield code="b">Biblioteca Municipal de Montalegre</subfield><subfield code="g">RPC</subfield></datafield><datafield tag="909" ind1="&#9;" ind2=" "><subfield code="a">1</subfield></datafield><datafield tag="966" ind1=" " ind2=" "><subfield code="a">0008117</subfield><subfield code="l">BMM</subfield><subfield code="s">SCG 821 BUC pro</subfield></datafield></record></collection>